b38f3d4e58670b7e8f7f272155b16736